@Misc{testbook,
  Title                    = {Titel},

  Author                   = {Author},
  HowPublished             = {\url{http://www.google.de}},
  Note                     = {Zugriff am xx.xx.xxxx}
}